<record><leader>00000cas a22000007a 4500</leader><controlfield tag="001">9518495</controlfield><controlfield tag="008">830517d18841905mauwr ne      0    0eng d</controlfield><controlfield tag="009">540</controlfield><datafield ind1=" " ind2=" " tag="010"><subfield code="a">sn 83045556 </subfield></datafield><datafield ind1=" " ind2=" " tag="040"><subfield code="a">CRL</subfield><subfield code="b">eng</subfield><subfield code="c">CRL</subfield><subfield code="d">NPW</subfield><subfield code="d">DLC</subfield><subfield code="d">NPT</subfield><subfield code="d">MGN</subfield></datafield><datafield ind1="1" ind2=" " tag="029"><subfield code="a">AU@</subfield><subfield code="b">000025815357</subfield></datafield><datafield ind1=" " ind2=" " tag="042"><subfield code="a">msc</subfield></datafield><datafield ind1="0" ind2="0" tag="050"><subfield code="a">Newspaper 8184</subfield></datafield><datafield ind1="0" ind2=" " tag="130"><subfield code="a">Beacon (Boston, Mass. : 1884)</subfield></datafield><datafield ind1="0" ind2="0" tag="245"><subfield code="a">Beacon.</subfield></datafield><datafield ind1=" " ind2=" " tag="260"><subfield code="a">Boston, Mass. :</subfield><subfield code="b">Beacon Pub. Co.,</subfield><subfield code="c">1884-1905.</subfield></datafield><datafield ind1=" " ind2=" " tag="300"><subfield code="a">v. : ill. ;</subfield><subfield code="c">59 cm.</subfield></datafield><datafield ind1=" " ind2=" " tag="310"><subfield code="a">Weekly</subfield></datafield><datafield ind1="0" ind2=" " tag="362"><subfield code="a">Vol. 1, no. 1 (Feb. 16, 1884)-</subfield></datafield><datafield ind1="1" ind2=" " tag="362"><subfield code="a">Ceased in Mar. 1905.</subfield></datafield><datafield ind1=" " ind2=" " tag="752"><subfield code="a">United States</subfield><subfield code="b">Massachusetts</subfield><subfield code="c">Suffolk</subfield><subfield code="d">Boston.</subfield></datafield><datafield ind1="0" ind2="7" tag="785"><subfield code="t">Boston budget (Boston, Mass. : 1883)</subfield><subfield code="w">(DLC)sn 86063501</subfield></datafield><datafield ind1="0" ind2="7" tag="785"><subfield code="t">Boston budget the beacon</subfield><subfield code="w">(DLC)sn 91058045</subfield></datafield></record>